
@misc{python,
	title="time - Time access and conversions",
	howpublished="Режим доступа: \url{https://docs.python.org/3/library/time.html} (дата обращения: 21.09.2021)"
}

@misc{insert,
	title = "Сортировка вставками",
	howpublished = "Режим доступа \url{https://kvodo.ru/sortirovka-vstavkami-2.html} (дата обращения: 15.10.2021)"
}

@misc{select,
	title = "Сортировка выбором",
	howpublished = "Режим доступа \url{https://kvodo.ru/sortirovka-vyiborom-2.html} (дата обращения: 15.10.2021)"
}

@misc{bubble,
	title = "Сортировка пузырьком",
	howpublished = "Режим доступа \url{https://kvodo.ru/puzyirkovaya-sortirovka.html} (дата обращения: 15.10.2021)"
}

@misc{intel,
	title = "Процессор Intel® Core™ i5-1135G7",
	howpublished = "Режим доступа \url{https://www.intel.ru/content/www/ru/ru/products/sku/208658/intel-core-i51135g7-processor-8m-cache-up-to-4-20-ghz/specifications.html} (дата обращения: 15.10.2021)"
}