@inbook{
	mednov,
	author=" В. П. Меднов, Е. П. Бондарев",
	title="Транспортные, распределительные и рабочие конвейеры",
	publisher="-- М",
	pages="",
	language="russian",
	year=1970
}

@misc{vliw,
	title="Центральный процессор «Эльбрус-4С»  [Электронный ресурс]",
	howpublished="Режим доступа: \url{http://www.mcst.ru/mikroprocessor-elbrus4s} (дата обращения: 18.12.2020)"
}

@misc{intel,
	title = "Процессор Intel® Core™ i5-1135G7",
	howpublished = "Режим доступа \url{https://www.intel.ru/content/www/ru/ru/products/sku/208658/intel-core-i51135g7-processor-8m-cache-up-to-4-20-ghz/specifications.html} (дата обращения: 29.10.2021)"
}

@misc{time,
	title = "Date and time utilities",
	howpublished = "Режим доступа \url{https://en.cppreference.com/w/cpp/chrono} (дата обращения: 29.10.2021)"
}

@misc{thread,
	title = "std::thread",
	howpublished = "Режим доступа \url{https://en.cppreference.com/w/cpp/thread/thread} (дата обращения: 29.10.2021)"
}