
@misc{python,
	title="time - Time access and conversions",
	howpublished="Режим доступа: \url{https://docs.python.org/3/library/time.html} (дата обращения: 21.10.2021)"
}

@misc{vino,
	title = "Умножение матриц",
	howpublished = "Режим доступа \url{http://www.algolib.narod.ru/Math/Matrix.html} (дата обращения: 21.10.2021)"
}

@misc{intel,
	title = "Процессор Intel® Core™ i5-1135G7",
	howpublished = "Режим доступа \url{https://www.intel.ru/content/www/ru/ru/products/sku/208658/intel-core-i51135g7-processor-8m-cache-up-to-4-20-ghz/specifications.html} (дата обращения: 21.10.2021)"
}