@inbook{
	Levenshtein,
	author="Левенштейн, В. И.",
	title="Двоичные коды с исправлением выпадений, вставок и замещений символов",
	publisher="-- М.: Доклады АН СССР",
	volume=163,
	chapter=4,
	pages="845--848",
	language="russian",
	year=1965
}

@misc{ifmo,
	title="Обзор методов нечеткого поиска текстовой информации",
	howpublished="Режим доступа \url{http://masters.donntu.org/2016/fknt/shulianskiy/library/article4.htm}
}

@misc{python,
	title="time - Time access and conversions",
	howpublished="Режим доступа: \url{https://docs.python.org/3/library/time.html} (дата обращения: 21.09.2021)"
}

@misc{yandex,
	title="Умные алгоритмы обработки строк в ClickHouse",
	howpublished="Режим доступа: \url{https://habr.com/ru/company/yandex/blog/466183/} (дата обращения: 21.09.2021)"
}

@misc{bio,
	title = "Применение расстояний редактирования при биоинформационном анализе геномов для задач оценки состояния репродуктивной системы",
	howpublished="Режим доступа: \url{https://fundamental-research.ru/ru/article/view?id=38819} (дата обращения: 21.09.2021)"
}
