@misc{python,
	title="time - Time access and conversions",
	howpublished="Режим доступа: \url{https://docs.python.org/3/library/time.html} (дата обращения: 21.09.2021)"
}

@misc{intel,
	title = "Процессор Intel® Core™ i5-1135G7",
	howpublished = "Режим доступа \url{https://www.intel.ru/content/www/ru/ru/products/sku/208658/intel-core-i51135g7-processor-8m-cache-up-to-4-20-ghz/specifications.html} (дата обращения: 15.10.2021)"}

@inbook{
	commi2,
	author=" Товстик Т.М., Жукова Е.В.",
	title="Алгоритм приближенного решения задачи коммивояжера",
	publisher="",
	pages="",
	language="russian",
	year=1970
}

@inbook{
	shtovba,
	author=" Штовба С.Д.",
	title=" Муравьиные алгоритмы",
	publisher="",
	pages="",
	language="russian",
	year=1970
}

@misc{commi,
	title="Perl problems - Commis Voyageur [Электронный ресурс]",
	howpublished="Режим доступа: \url{http://mech.math.msu.su/~shvetz/54/inf/perl-problems/chCommisVoyageur.xhtml} (дата обращения: 12.12.2020)"
}

@misc{ant1,
	title="Муравьиные алгоритмы [Электронный ресурс]",
	howpublished="Режим доступа: \url{http://www.machinelearning.ru/wiki/index.php?title=%D0%9C%D1%83%D1%80%D0%B0%D0%B2%D1%8C%D0%B8%D0%BD%D1%8B%D0%B5_%D0%B0%D0%BB%D0%B3%D0%BE%D1%80%D0%B8%D1%82%D0%BC%D1%8B} (дата обращения: 12.12.2020)"
}