@misc{pirson,
	title = "Корреляционный анализ",
	howpublished = "Режим доступа \url{https://statanaliz.info/statistica/korrelyaciya-i-regressiya/linejnyj-koefficient-korrelyacii-pirsona/} (дата обращения: 29.10.2021)"
}

@misc{intel,
	title = "Процессор Intel® Core™ i5-1135G7",
	howpublished = "Режим доступа \url{https://www.intel.ru/content/www/ru/ru/products/sku/208658/intel-core-i51135g7-processor-8m-cache-up-to-4-20-ghz/specifications.html} (дата обращения: 29.10.2021)"
}

@misc{time,
	title = "Date and time utilities",
	howpublished = "Режим доступа \url{https://en.cppreference.com/w/cpp/chrono} (дата обращения: 29.10.2021)"
}

@misc{ml,
	title = "Как использовать корреляцию для понимания взаимосвязи между переменными",
	howpublished = "Режим доступа \url{https://www.machinelearningmastery.ru/how-to-use-correlation-to-understand-the-relationship-between-variables/} (дата обращения: 29.10.2021)"
}

@misc{thread,
	title = "std::thread",
	howpublished = "Режим доступа \url{https://en.cppreference.com/w/cpp/thread/thread} (дата обращения: 29.10.2021)"
}